<record><leader>00000cas a22000007a 4500</leader><controlfield tag="001">29187990</controlfield><controlfield tag="008">931025d19041911okuwr ne      0    0eng d</controlfield><datafield ind1=" " ind2=" " tag="010"><subfield code="a">sn 93066193 </subfield></datafield><datafield ind1=" " ind2=" " tag="040"><subfield code="a">OBN</subfield><subfield code="b">eng</subfield><subfield code="c">OBN</subfield><subfield code="d">OCLCQ</subfield></datafield><datafield ind1=" " ind2=" " tag="042"><subfield code="a">msc</subfield></datafield><datafield ind1="0" ind2="4" tag="245"><subfield code="a">The Texmo times.</subfield></datafield><datafield ind1=" " ind2=" " tag="260"><subfield code="a">Texmo, Day County, Okla. :</subfield><subfield code="b">Times Pub. Co.</subfield></datafield><datafield ind1=" " ind2=" " tag="300"><subfield code="a">v.</subfield></datafield><datafield ind1=" " ind2=" " tag="310"><subfield code="a">Weekly</subfield></datafield><datafield ind1="0" ind2=" " tag="362"><subfield code="a">-v. 7, no. 52 (June 9, 1911).</subfield></datafield><datafield ind1="1" ind2=" " tag="362"><subfield code="a">Began in 1904.</subfield></datafield><datafield ind1=" " ind2=" " tag="588"><subfield code="a">Description based on: Vol. 1, no. 4 (July 29, 1904).</subfield></datafield><datafield ind1=" " ind2="4" tag="651"><subfield code="a">Texmo (Okla.)</subfield><subfield code="v">Newspapers.</subfield></datafield><datafield ind1=" " ind2="4" tag="651"><subfield code="a">Roger Mills County (Okla.)</subfield><subfield code="v">Newspapers.</subfield></datafield><datafield ind1=" " ind2=" " tag="752"><subfield code="a">United States</subfield><subfield code="b">Oklahoma</subfield><subfield code="c">Roger Mills</subfield><subfield code="d">Texmo.</subfield></datafield><datafield ind1="0" ind2="0" tag="785"><subfield code="t">Leedey times (Leedey, Okla. : 1911)</subfield><subfield code="w">(DLC)sn 96087857</subfield><subfield code="w">(OCoLC)34974996</subfield></datafield><datafield ind1="1" ind2=" " tag="029"><subfield code="a">AU@</subfield><subfield code="b">000025887672</subfield></datafield></record>